%============ Bibliography Syntaxe ============%
%      Just follow examples written below      %
%==============================================%

@electronic{Mclassiques, 
  title         = "Méthodes agiles ou méthodes classiques",
  url           = "http://www.aloha-coaching.fr/methodes-agiles-methodes-classiques",
  note          = "[En ligne]"
}

%% You must use a backslash before special characters such as underscores, etc. in URLs
@electronic{Magiles,
  title         = "LA MÉTHOLOGIE AGILE DANS LA MISE EN \OE UVRE
DES SOLUTIONS ESKER",
  url           = "http://www.esker.fr/esker_advantage/methodologie-agile.asp",
  note          = "[En ligne]"
}
@electronic{Comparaisonac,
  title         = "La gestion de projet : methodes classique vs methode agiles",
  url           = "http://www.access-dev.com/access-dev/la-gestion-de-projet-methodes-classiques-vs-methodes-agiles/",
  note          = "[En ligne]"
}

@electronic{scrumvsall,
  title         = "11th Annual State of Agile Report",
  url           = "https://explore.versionone.com/state-of-agile/versionone-10th-annual-state-of-agile-report-2",
  note          = "[En ligne]"
}

@electronic{3tiers,
  title         = "Developing N-Tier applications",
  author        = "Alexander Filipov",
  url           = "http://www.telerik.com/support/kb/data-access/details/developing-n-tier-applications",
  note          = "[En ligne]"
}

@electronic{mvc,
  title         = "Modèle-Vue-Contrôleur (MVC)",
  url           = "http://orm.bdpedia.fr/mvc.html",
  note          = "[En ligne]"
}

@electronic{springmvc,
  title         = "Web MVC framework",
  url           = "https://docs.spring.io/spring/docs/current/spring-framework-reference/html/mvc.html",
  note          = "[En ligne]"
}

@electronic{springsecurity,
  title         = "Spring Security",
  url           = "https://projects.spring.io/spring-security/",
  note          = "[En ligne]"
}

@electronic{hibernate,
  title         = "hibernate",
  url           = "http://hibernate.org/",
  note          = "[En ligne]"
}

@electronic{angularjs,
  title         = "angularjs",
  url           = "https://angularjs.org/",
  note          = "[En ligne]"
}



